@misc{ wiki:baran,
  author = "Википедия",
  title = "Бараны --- Википедия{,} свободная энциклопедия",
  year = "2015",
  url = "\url{http://ru.wikipedia.org/?oldid=69907202}",
  note = "[Online; accessed 12-апрель-2015]"
}

@misc{ wiki:solvf,
  author = "Википедия",
  title = "Соленоидальное векторное поле --- Википедия{,} свободная энциклопедия",
  year = "2014",
  url = "\url{http://ru.wikipedia.org/?oldid=65950651}",
  note = "[Online; accessed 12-апрель-2015]"
}

@misc{ wiki:aks,
  author = "Википедия",
  title = "Английский кокер-спаниель --- Википедия{,} свободная энциклопедия",
  year = "2015",
  url = "\url{http://ru.wikipedia.org/?oldid=69028947}",
  note = "[Online; accessed 12-апрель-2015]"
}